@BOOK{wiggins03,
      TITLE = {Introduction to Applied Nonlinear Dynamical Systems and Chaos},
      AUTHOR = {Wiggins, Stephen},
      YEAR = {2003},
      PUBLISHER = {Springer-Verlag New York},
      doi = {10.1007/b97481}
}

@BOOK{guckenheimer83,
	TITLE = {Nonlinear Oscillations, Dynamical Systems, and Bifurcations of Vector Fields},
	AUTHOR = {Guckenheimer, John and Holmes, Philip},
	YEAR = {1983},
	PUBLISHER = {Springer Science \& Business Media New York},
	DOI = {10.1007/b97481}
}

@BOOK{kuznetsov,
	TITLE = {Elements of Applied Bifurcation Theory},
	AUTHOR = {Kuznetsov, Yuri A.},
	YEAR = {2004},
	PUBLISHER = {Springer-Verlag New York},
	doi = {10.1007/978-1-4757-3978-7}
}

@book{chicone06,
	title={Ordinary differential equations with applications},
	author={Chicone, Carmen Charles},
	volume={34},
	year={2006},
	doi={10.1007/0-387-35794-7}
	publisher={Springer}
}

@BOOK{haragus11,
	TITLE = {Local Bifurcations, Center Manifolds, and Normal Forms in Infinite-Dimensional Dynamical Systems},
	AUTHOR = {Haragus, Mariana and G\'{e}rard, Iooss},
	YEAR = {2011},
	PUBLISHER = {Springer-Verlag New York},
	doi = {10.1007/978-0-85729-112-7}
}

@BOOK{bender99,
	TITLE = {Advanced Mathematical Methods for Scientists and Engineers},
	AUTHOR = {Bender, C. M. and Orzag, S. A.},
	YEAR = {1999},
	PUBLISHER = {Springer Science \& Business Media New York},
	DOI = {10.1007/978-1-4757-3069-2}
}

@book{cross09, 
	place={Cambridge}, 
	title={Pattern Formation and Dynamics in Nonequilibrium Systems}, 
	publisher={Cambridge University Press}, 
	author={Cross, Michael and Greenside, Henry}, 
	year={2009}
	} 

@Misc{nek5000,
	Author = {Fischer, P. F. and Lottes, J. W. and Kerkemeier, S. G.},
	Title  = {Nek5000 Web page},
	Note = {\url{http://nek5000.mcs.anl.gov}},
	Year   = {2008}
}	

@article{negi20, 
	title={On the linear global stability analysis of rigid-body motion fluid–structure-interaction problems}, 
	volume={903}, 
	DOI={10.1017/jfm.2020.685}, 
	journal={Journal of Fluid Mechanics}, 
	author={Negi, P. S. and Hanifi, A. and Henningson, D. S.}, 
	year={2020}, 
	pages={A35}
	}

@article{giannetti07, 
	title={Structural sensitivity of the first instability of the cylinder wake}, 
	volume={581}, 
	DOI={10.1017/S0022112007005654}, 
	journal={Journal of Fluid Mechanics}, 
	publisher={Cambridge University Press}, 
	author={Gianetti, F. and Luchini, P.}, 
	year={2007}, 
	pages={167–197}
}

@article{dusek94, 
	title={A numerical and theoretical study of the first {H}opf bifurcation in a cylinder wake}, volume={264}, 
	DOI={10.1017/S0022112094000583}, 
	journal={Journal of Fluid Mechanics}, 
	author={Dušek, Jan and Gal, Patrice Le and Fraunié, Philippe}, 
	year={1994}, 
	pages={59–80}
	}

@article{provansal87, 
	title={Bénard-von {K}ármán instability: transient and forced regimes}, 
	volume={182}, 
	doi={10.1017/S0022112087002222}, 
	journal={Journal of Fluid Mechanics}, 
	author={Provansal, M. and Mathis, C. and Boyer, L.}, 
	year={1987}, 
	pages={1–22}
	}
	
@article{mantivc15,
	title={A self-consistent model for the saturation dynamics of the vortex shedding around the mean flow in the unstable cylinder wake},
	author={Manti{\v{c}}-Lugo, Vladislav and Arratia, Crist{\'o}bal and Gallaire, Fran{\c{c}}ois},
	journal={Physics of Fluids},
	volume={27},
	number={7},
	year={2015},
	doi={10.1063/1.4926443},
	publisher={AIP Publishing}
}

@misc{negi17,
	title={A re-examination of filter-based stabilization for spectral-element methods},
	author={Negi, Prabal and Schlatter, Philipp and Henningson, Dan},
	year={2017}
}

@phdthesis{negiphd,
	title={Stability and transition in pitching wings},
	author={Negi, Prabal},
	year={2019},
	school={KTH Royal Institute of Technology},
	isbn={978-91-7873-348-4},
	urn={urn:nbn:se:kth:diva-262927}
}


@article{stewart02,
	author = {Stewart, G. W.},
	title = {A {K}rylov--{S}chur Algorithm for Large Eigenproblems},
	journal = {SIAM Journal on Matrix Analysis and Applications},
	volume = {23},
	number = {3},
	pages = {601-614},
	year = {2002},
	doi = {10.1137/S0895479800371529},
}

@incollection{landau_52,
	title = {On The Problem of Turbulence},
	booktitle = {Collected Papers of L.D. Landau},
	author = {Lev Davidovich Landau},
	editor = {D. TER HAAR},
	publisher = {Pergamon},
	pages = {387-391},
	year = {1944},
	isbn = {978-0-08-010586-4},
	doi = {10.1016/B978-0-08-010586-4.50057-2},
}

@article{carini15, 
	title={Centre-manifold reduction of bifurcating flows}, 
	volume={767}, 
	DOI={10.1017/jfm.2015.3}, 
	journal={Journal of Fluid Mechanics}, 
	author={Carini, M. and Auteri, F. and Giannetti, F.}, 
	year={2015}, 
	pages={109–145}
	}
	
@article{meliga11, 
	title={An asymptotic expansion for the vortex-induced vibrations of a circular cylinder}, 
	volume={671}, 
	DOI={10.1017/S0022112010005550}, 
	journal={Journal of Fluid Mechanics}, 
	author={Meliga, Philippe and Chomaz, Jean-Marc}, 
	year={2011}, 
	pages={137–167}
	}	
	
@article{meliga12, 
	title={A weakly nonlinear mechanism for mode selection in swirling jets}, 
	volume={699}, 
	DOI={10.1017/jfm.2012.93}, 
	journal={Journal of Fluid Mechanics}, 
	author={Meliga, Philippe and Gallaire, François and Chomaz, Jean-Marc}, 
	year={2012}, 
	pages={216–262}
	}	
	
@article{meliga17,
	title={Harmonics generation and the mechanics of saturation in flow over an open cavity: a second-order self-consistent description},
	author={Meliga, Philippe},
	journal={Journal of Fluid Mechanics},
	volume={826},
	pages={503--521},
	year={2017},
	publisher={Cambridge University Press}
}
	
@article{stuart58, 
	title={On the non-linear mechanics of hydrodynamic stability}, 
	volume={4}, 
	DOI={10.1017/S0022112058000276}, 
	number={1}, 
	journal={Journal of Fluid Mechanics}, 
	author={Stuart, J. T.}, 
	year={1958}, 
	pages={1–21}
	}	
	
@article{stuart60, 
	title={On the non-linear mechanics of wave disturbances in stable and unstable parallel flows Part 1. The basic behaviour in plane Poiseuille flow}, 
	volume={9}, 
	DOI={10.1017/S002211206000116X}, 
	number={3}, 
	journal={Journal of Fluid Mechanics}, 
	author={Stuart, J. T.}, 
	year={1960}, 
	pages={353–370}
	}	
	
@article{watson60, 
	title={On the non-linear mechanics of wave disturbances in stable and unstable parallel flows Part 2. The development of a solution for plane {P}oiseuille flow and for plane {C}ouette flow}, 
	volume={9}, 
	DOI={10.1017/S0022112060001171}, 
	number={3}, 
	journal={Journal of Fluid Mechanics}, 
	author={Watson, J.}, 
	year={1960}, 
	pages={371–389}
	}	
	
@article{fujimara91,
	ISSN = {09628444},
	author = {K. Fujimura},
	journal = {Proceedings: Mathematical and Physical Sciences},
	number = {1892},
	pages = {719--733},
	publisher = {Royal Society},
	title = {Methods of Centre Manifold and Multiple Scales in the Theory of Weakly Nonlinear Stability for Fluid Motions},
	urldate = {2024-05-27},
	volume = {434},
	year = {1991}
}	
	
@article{coullet83,
	author = {Coullet, P. H. and Spiegel, E. A.},
	title = {Amplitude Equations for Systems with Competing Instabilities},
	journal = {SIAM Journal on Applied Mathematics},
	volume = {43},
	number = {4},
	pages = {776-821},
	year = {1983},
	doi = {10.1137/0143052}
}	
	
@article{carr83,
	title={The application of centre manifolds to amplitude expansions. II. Infinite dimensional problems},
	author={Carr, Jack and Muncaster, Robert G},
	journal={Journal of differential equations},
	volume={50},
	number={2},
	pages={280--288},
	year={1983},
	publisher={Elsevier}
}	
	
@article{carr83b,
	title = {The application of centre manifolds to amplitude expansions. I. Ordinary differential equations},
	journal = {Journal of Differential Equations},
	volume = {50},
	number = {2},
	pages = {260-279},
	year = {1983},
	issn = {0022-0396},
	doi = {10.1016/0022-0396(83)90077-3},
	author = {Jack Carr and Robert G Muncaster}
}	
	
@book{carr82,
	title={Applications of centre manifold theory},
	author={Carr, Jack},
	volume={35},
	year={1982},
	publisher={Springer Science \& Business Media}
}	
	
@article{kelley67,
	title = {The stable, center-stable, center, center-unstable, unstable manifolds},
	journal = {Journal of Differential Equations},
	volume = {3},
	number = {4},
	pages = {546-570},
	year = {1967},
	issn = {0022-0396},
	doi = {10.1016/0022-0396(67)90016-2},
	author = {Al Kelley}
}

@article{newell69, 
	title={Finite bandwidth, finite amplitude convection}, 
	volume={38}, 
	DOI={10.1017/S0022112069000176}, 
	number={2}, 
	journal={Journal of Fluid Mechanics}, 
	author={Newell, Alan C. and Whitehead, J. A.}, 
	year={1969}, 
	pages={279–303}
	}	
	
@article{cross80,
	author = {Cross, M. C.},
	title = "{Derivation of the amplitude equation at the {R}ayleigh–{B}ènard instability}",
	journal = {The Physics of Fluids},
	volume = {23},
	number = {9},
	pages = {1727-1731},
	year = {1980},
	month = {09},
	issn = {0031-9171},
	doi = {10.1063/1.863198}
}
	
@article{sijbrand85,
	ISSN = {00029947},
	author = {Jan Sijbrand},
	journal = {Transactions of the American Mathematical Society},
	number = {2},
	pages = {431--469},
	publisher = {American Mathematical Society},
	title = {Properties of Center Manifolds},
	volume = {289},
	year = {1985}
}	
	
@article{roberts89,
	author = {Roberts, A. J.},
	title = {The Utility of an Invariant Manifold Description of the Evolution of a Dynamical System},
	journal = {SIAM Journal on Mathematical Analysis},
	volume = {20},
	number = {6},
	pages = {1447-1458},
	year = {1989},
	doi = {10.1137/0520094}
}

@article{roberts97,
	title = {Low-dimensional modelling of dynamics via computer algebra},
	journal = {Computer Physics Communications},
	volume = {100},
	number = {3},
	pages = {215-230},
	year = {1997},
	issn = {0010-4655},
	doi = {10.1016/S0010-4655(96)00162-2},
	author = {A.J. Roberts}
}	
	
@article{trefethen05,
	title={Spectra and pseudospectra: the behavior of nonnormal matrices and operators},
	author={Trefethen, Lloyd N.  and Embree, Mark},
	year={2005},
	publisher={Princeton university press}
}	
	
@article{knobloch83,
	title={Convective transitions induced by a varying aspect ratio},
	author={Knobloch, E and Guckenheimer, J},
	journal={Physical Review A},
	volume={27},
	number={1},
	pages={408},
	year={1983},
	publisher={APS}
}	
	
@article{guckenheimer83b,
	title={Nonlinear convection in a rotating layer: amplitude expansions and normal forms},
	author={Guckenheimer, J and Knobloch, E},
	journal={Geophysical \& Astrophysical Fluid Dynamics},
	volume={23},
	number={4},
	pages={247--272},
	year={1983},
	publisher={Taylor \& Francis}
}	

@article{fujimura97,
	title={Centre manifold reduction and the {S}tuart-{L}andau equation for fluid motions},
	author={Fujimura, Kaoru},
	journal={Proceedings of the Royal Society of London. Series A: Mathematical, Physical and Engineering Sciences},
	volume={453},
	number={1956},
	pages={181--203},
	year={1997},
	publisher={The Royal Society}
}

@article{sipp07,
	title={Global stability of base and mean flows: a general approach and its applications to cylinder and open cavity flows},
	volume={593},
	DOI={10.1017/S0022112007008907},
	journal={Journal of Fluid Mechanics},
	publisher={Cambridge University Press},
	author={Sipp, D. and Lebedev, A.},
	year={2007},
	pages={333–358}
}

@article{pier02,
	title={On the frequency selection of finite-amplitude vortex shedding in the cylinder wake},
	volume={458},
	DOI={10.1017/S0022112002008054},
	journal={Journal of Fluid Mechanics},
	publisher={Cambridge University Press},
	author={Pier, Beno\^{i}t},
	year={2002},
	pages={407–417}
}

@article{barkley06,
	doi = {10.1209/epl/i2006-10168-7},
	year = {2006},
	month = {sep},
	publisher = {{IOP} Publishing},
	volume = {75},
	number = {5},
	pages = {750--756},
	author = {D Barkley},
	title = {Linear analysis of the cylinder wake mean flow},
	journal = {Europhysics Letters ({EPL})},
}

@article{patera84,
	title = "A spectral element method for fluid dynamics: Laminar flow in a channel expansion",
	journal = "Journal of Computational Physics",
	volume = "54",
	number = "3",
	pages = "468 - 488",
	year = "1984",
	issn = "0021-9991",
	author = "Anthony T. Patera"
}

@INPROCEEDINGS{maday89,
	author = {Maday, Y. and Patera, A. T.},
	title = {Spectral element methods for the incompressible {N}avier-{S}tokes equations},
	booktitle = {State-of-the-art surveys on computational mechanics},
	year = {1989},
	pages = {71-143},
	publisher={American Society of Mechanical Engineers, New York}
}

@book{deville02,
	place={Cambridge},
	series={Cambridge Monographs on Applied and Computational Mathematics},
	title={High-Order Methods for Incompressible Fluid Flow},
	doi={10.1017/CBO9780511546792},
	publisher={Cambridge University Press},
	author={Deville, M. O. and Fischer, P. F. and Mund, E. H.},
	year={2002},
	collection={Cambridge Monographs on Applied and Computational Mathematics},
	number={9},
}

@article{akervik06,
	author = {{\AA}kervik,E.  and Brandt,L.  and Henningson,D. S.  and Hœpffner,J.  and Marxen,O.  and Schlatter,P.},
	title = {Steady solutions of the {N}avier-{S}tokes equations by selective frequency damping},
	journal = {Physics of Fluids},
	volume = {18},
	number = {6},
	pages = {068102}, 
	year = {2006},
	doi = {10.1063/1.2211705},
}

@article{chomaz88,
	title={Bifurcations to local and global modes in spatially developing flows},
	author={Chomaz, JM and Huerre, P and Redekopp, LG},
	journal={Physical review letters},
	volume={60},
	number={1},
	pages={25},
	year={1988},
	doi={10.1103/PhysRevLett.60.25},
	publisher={APS}
}

@article{chomaz05,
	title={Global instabilities in spatially developing flows: non-normality and nonlinearity},
	author={Chomaz, Jean-Marc},
	journal={Annu. Rev. Fluid Mech.},
	volume={37},
	number={1},
	pages={357--392},
	year={2005},
	doi={10.1146/annurev.fluid.37.061903.175810},
	publisher={Annual reviews}
}

@article{sorensen92,
	title={Implicit application of polynomial filters in a k-step Arnoldi method},
	author={Sorensen, Danny C},
	journal={Siam journal on matrix analysis and applications},
	volume={13},
	number={1},
	pages={357--385},
	year={1992},
	publisher={SIAM},
}
%%%%




